@article{Evaluation_of_a_hearing_compensation_algorithm,
	author={D. V. Anderson and R. W. Harris and D. M. Chabries},
	journal={1995 International Conference on Acoustics, Speech, and Signal Processing},
	title={Evaluation of a hearing compensation algorithm},
	year={1995},
	volume={5},
	number={},
	pages={3531-3533},
}