@article{An_ultra_low_power_analogue_directionality,
	author = {P. Corbishley and others},
	title = {An ultra-low power analogue directionality system for digital hearing aids},
	journal = {2004 IEEE International Symposium on Circuits and Systems},
	year = {2004},
	pages = {233--236},
}

@article{Evaluation_of_digital_hearing_aid_algorithms,
	author = {Uwe Rass, Gerhard H. Steeger},
	title = {Evaluation of digital hearing aid algorithms on wearable signal processor systems},
	journal = {1996 8th European Signal Processing Conference (EUSIPCO 1996)},
	year = {1996},
}

@article{trends_in_amplification,
	author = {T.A Ricketts},
	title = {Directional Hearing Aids},
	journal = {Trends in Amplification},
	year = {2001},
	volume = {5},
	number = {4},
	pages = {139--176},
}

@article{Distortion_of_interaural_time_cues,
	author = {T. {Van de Bogaert} and others},
	title = {Distortion of interaural time cues by directional noise reduction systems in modern digital hearing aids},
	journal= {IEEE Workshop on Applications of Signal Processing to Audio and Acoustics},
	year = {2005},
	pages = {57--60},
}

